@article{Furber2014,
  author={Furber, S.B. and Galluppi, F. and Temple, S. and Plana, L.A.},
  journal={Proceedings of the IEEE},
  title={The {SpiNNaker} Project},
  year={2014},
  month={May},
  volume={102},
  number={5},
  pages={652-665},
  doi={10.1109/JPROC.2014.2304638},
  ISSN={0018-9219},
}

@book{Eliasmith2004,
  title={Neural Engineering},
  author={Eliasmith, Chris and Anderson, Charles H},
  year={2004},
  publisher={MIT Press},
  ISBN={978-0262550604},
}

@article{Stewart2011,
  author = {Stewart, Terrence C. and Tang, Yichuan and Eliasmith, Chris},
  doi = {10.1016/j.cogsys.2010.06.006},
  issn = {13890417},
  journal = {Cognitive Systems Research},
  keywords = {auto-associative memory,holographic reduced representation,neural engineering framework,vector symbolic architectures},
  month = jun,
  number = {2},
  pages = {84--92},
  publisher = {Elsevier B.V.},
  title = {{A biologically realistic cleanup memory: Autoassociation in spiking neurons}},
  volume = {12},
  year = {2011}
}


@book{eliasmith2013build,
  author = {Eliasmith, Chris},
  mendeley-groups = {Manchester PhD/Thesis/Research plan},
  publisher = {Oxford University Press},
  title = {{How to build a brain: A neural architecture for biological cognition}},
  year = {2013}
}


@article{Eliasmith2012,
  title={A large-scale model of the functioning brain},
  author={Eliasmith, Chris and Stewart, Terrence C and Choo, Xuan and Bekolay, Trevor and DeWolf, Travis and Tang, Yichuan and Rasmussen, Daniel},
  journal={Science},
  volume={338},
  number={6111},
  pages={1202--1205},
  year={2012},
  publisher={American Association for the Advancement of Science}
}

@article{Stewart2015ip,
  title={Serendipitous offline learning in a neuromorphic robot},
  author={Stewart, Terry and Mundy, Andrew and Kleinhans, Ashley and Conradt,
    J\"org},
  journal={IEEE Transactions on Neural Networks and Learning Systems},
  year={2015 (submitted)},
}

@ARTICLE{Stewart2014,
  author={Stewart, T.C. and Eliasmith, C.},
  journal={Proceedings of the IEEE},
  title={Large-Scale Synthesis of Functional Spiking Neural Circuits},
  year={2014},
  month={May},
  volume={102},
  number={5},
  pages={881-898},
  doi={10.1109/JPROC.2014.2306061},
  ISSN={0018-9219},
}

@article{Davison2008,
  title={{PyNN}: a common interface for neuronal network simulators},
  author={Davison, Andrew P and Br{\"u}derle, Daniel and Eppler, Jochen and Kremkow, Jens and Muller, Eilif and Pecevski, Dejan and Perrinet, Laurent and Yger, Pierre},
  journal={Frontiers in {N}euroinformatics},
  volume={2},
  year={2008},
  publisher={Frontiers Research Foundation}
}

@INPROCEEDINGS{Sharp2013,
  author={Sharp, T. and Furber, S.},
  booktitle={Neural Networks (IJCNN), The 2013 International Joint Conference on},
  title={Correctness and performance of the {SpiNNaker} architecture},
  year={2013},
  month={Aug},
  pages={1-8},
  doi={10.1109/IJCNN.2013.6706988},
  ISSN={2161-4393},
}

@ARTICLE{Bekolay2014,
  AUTHOR={Bekolay, Trevor  and  Bergstra, James  and  Hunsberger, Eric  and  DeWolf, Travis  and  Stewart, Terrence and  Rasmussen, Daniel  and  Choo, Xuan  and  Voelker, Aaron  and  Eliasmith, Chris},   
  TITLE={Nengo: A {P}ython tool for building large-scale functional brain models},      
  JOURNAL={Frontiers in Neuroinformatics},      
  VOLUME={7},      
  YEAR={2014},      
  NUMBER={48},     
  URL={http://www.frontiersin.org/neuroinformatics/10.3389/fninf.2013.00048/abstract},       
  DOI={10.3389/fninf.2013.00048},      
  ISSN={1662-5196}
}
